@inproceedings{shapiro_2011_crdt,
  title = {Conflict-Free Replicated Data Types},
  author = {Shapiro, Marc and
            Preguiça, Nuno M. and
            Baquero, Carlos and
            Zawirski, Marek},
  doi = {10.1007/978-3-642-24550-3_29},
  booktitle = {Proceedings of the 13th International Symposium on Stabilization, Safety, and Security of Distributed Systems},
  series = {{SSS} 2011},
  pages = {386--400},
  year = {2011}
}

@inproceedings{AndreCollaborateCom2013,
  author    = {Luc André and Stéphane Martin and Gérald Oster and Claudia-Lavinia Ignat},
  title     = {Supporting Adaptable Granularity of Changes for Massive-Scale Collaborative Editing},
  booktitle = {International Conference on Collaborative Computing: Networking, Applications and Worksharing - CollaborateCom 2013},
  year      = 2013,
  pages     = {50--59},
  month     = oct,
  publisher = {IEEE Computer Society},
  address   = {Austin, TX, USA},
  doi       = {10.4108/icst.collaboratecom.2013.254123},
}

@inproceedings{nicolas:hal-01655438,
  TITLE = {{MUTE: A Peer-to-Peer Web-based Real-time Collaborative Editor}},
  AUTHOR = {Nicolas, Matthieu and Elvinger, VIctorien and Oster, G{\'e}rald and Ignat, Claudia-Lavinia and Charoy, Fran{\c c}ois},
  URL = {https://hal.inria.fr/hal-01655438},
  BOOKTITLE = {{ECSCW 2017 - 15th European Conference on Computer-Supported Cooperative Work}},
  ADDRESS = {Sheffield, United Kingdom},
  PUBLISHER = {{EUSSET}},
  SERIES = {Proceedings of 15th European Conference on Computer-Supported Cooperative Work - Panels, Posters and Demos},
  VOLUME = {1},
  NUMBER = {3},
  PAGES = {1-4},
  YEAR = {2017},
  MONTH = Aug,
  DOI = {10.18420/ecscw2017\_p5},
  PDF = {https://hal.inria.fr/hal-01655438/file/Nicolasetal2017.pdf},
  HAL_ID = {hal-01655438},
  HAL_VERSION = {v1},
}
